
@book{kreckler_standortplanung_2015,
    title = {Standortplanung und {Geometrie}},
    isbn = {978-3-658-09260-3},
    abstract = {Intro -- Danksagung -- Inhaltsverzeichnis -- Einleitung -- Teil I Geometrie und Optimierung -- 1 Was ist Geometrie, was ist Optimierung? -- 2 Geometrie und Optimierung: Ein Einblick -- 2.1 Lineare Optimierung -- 2.2 Ganzzahlige Optimierung -- 2.3 Nichtlineare Optimierung -- 2.4 Multikriterielle Optimierung -- 3 Standortplanung -- 3.1 Grundlagen der Standortplanung -- 3.2 Das Fermat Problem -- 3.2.1 Das ungewichtete Fermat Problem -- 3.2.2 Das gewichtete Fermat Problem -- 3.3 Das Euklidische Botenproblem -- 3.4 Kreisringprobleme -- 3.4.1 Anwendung -- 3.4.2 Kreisringprobleme mit Euklidischer Distanz -- 3.5 Planung von Haltestellen -- 3.5.1 Modellbildung -- 3.5.2 Lösungsverfahren -- 4 Kompetitive Standortplanung -- 4.1 Grundlagen kompetitiver Standortplanung -- 4.2 Hotelling's Beach: Eisverkäufer am Strand -- 4.3 Konkurrenz zweier Unternehmen -- 4.3.1 Das Medianoid-Problem -- 4.3.2 Das Centroid-Problem -- 4.4 Voronoi-Diagramme -- 4.4.1 Gewöhnliche Voronoi-Diagramme -- 4.4.2 Gewichtete Voronoi-Diagramme...},
    language = {eng},
    publisher = {Springer Verlag},
    author = {Kreckler, Jana},
    year = {2015},
    keywords = {Building sites, Planning. Geological modeling;}
}

@book{schulte_strategische_2017,
    title = {Strategische {Standortplanung} {Auswirkungen} der {Standortwahl} auf die {Unternehmensorganisation}},
    language = {ger},
    author = {Schulte, Helmut},
    year = {2017}
}

@phdthesis{kiehne_innerbetriebliche_1969,
    address = {Wiesbaden},
    title = {Innerbetriebliche {Standortplanung} und {Raumzuordnung}},
    url = {http://ipac.ub.tu-berlin.de/cgi-bin/katalog-link?t7520671},
    abstract = {Rolf Kiehne, Zugl.: Münster, Univ., Diss., Erscheint auch als Online-Ausgabe Kiehne, Rolf Innerbetriebliche Standortplanung und Raumzuordnung, 990012696070302884},
    language = {ger},
    urldate = {2020-04-19},
    school = {Gabler},
    author = {Kiehne, Rolf},
    year = {1969},
    keywords = {Hochschulschrift, Innerbetriebliche Standortplanung, Modell, Raumordnung, Unternehmen}
}

@book{glatte_kompendium_2017,
    address = {Wiesbaden},
    series = {Leitfaden des {Baubetriebs} und der {Bauwirtschaft}},
    title = {Kompendium {Standortstrategien} für {Unternehmensimmobilien}: {Die} {Standortplanung} als {Teil} der internationalen {Unternehmensführung}},
    isbn = {978-3-658-12156-3},
    shorttitle = {Kompendium {Standortstrategien} für {Unternehmensimmobilien}},
    abstract = {Intro -- Die Standortplanung als Teil der internationalen Unternehmensführung -- Vorwort des Verfassers -- Inhaltsverzeichnis -- Abkürzungsverzeichnis -- Abbildungsverzeichnis -- Tabellenverzeichnis -- 1: Einführung -- 1.1 Einige einführende Gedanken -- 1.2 Der Aufbau dieses Fachbuchs -- 2: Die Grundlagen des betrieblichen Immobilienmanagements -- 2.1 Grundsätzliches -- 2.2 Der Begriff Corporate Real Estate -- 2.3 Die begrifflichen Abgrenzungen -- 2.3.1 Die betriebsnotwendigen und nicht betriebsnotwendigen Immobilien -- 2.3.2 Die Unternehmensimmobilien und Betriebsimmobilien -- 2.4 Die Besonderheiten einer Betriebsimmobilie -- 2.5 Die Unternehmens- und Immobilienstrategien -- 2.6 Die Marktgängigkeit betrieblicher Immobilien -- 2.7 Die zeitliche Verfügbarkeit von betrieblichen Immobilien -- 2.8 Die Nutzerzufriedenheit und Produktivität als Kenngrößen -- 2.9 Die Ziele des betrieblichen Immobilienmanagements -- 2.10 Die Immobilienportfolios von Corporates -- 2.10.1 Der Umfang...},
    language = {deu},
    publisher = {Springer Fachmedien Wiesbaden},
    author = {Glatte, Thomas},
    year = {2017},
    keywords = {Construction Management; Engineering, Engineering, Real Estate Management}
}

@phdthesis{hansmann_entscheidungsmodelle_1974,
    address = {Wiesbaden},
    title = {Entscheidungsmodelle zur {Standortplanung} der {Industrieunternehmen}},
    url = {http://ipac.ub.tu-berlin.de/cgi-bin/katalog-link?t5860521},
    abstract = {Karl-Werner Hansmann, Zugl.: Hamburg, Univ., Diss., 1972, 990008833100302884},
    language = {ger},
    urldate = {2020-04-19},
    school = {Gabler},
    author = {Hansmann, Karl-Werner},
    year = {1974},
    keywords = {Hochschulschrift, Entscheidungsmodell, Industriebetrieb, Mathematisches Modell, Standortplanung}
}

@book{wotzka_standortwahl_1970,
    address = {Hamburg},
    series = {Veröffentlichungen des {HWWA}-{Institut} für {Wirtschaftsforschung}},
    title = {Standortwahl im {Einzelhandel}: {Standortbestimmung} und {Standortanpassung} großstädtischer {Einzelhandelsbetriebe}},
    shorttitle = {Standortwahl im {Einzelhandel}},
    url = {http://ipac.ub.tu-berlin.de/cgi-bin/katalog-link?u6640143},
    abstract = {Paul Wotzka, 990004475040302884},
    language = {ger},
    urldate = {2020-04-19},
    publisher = {VerlWeltarchiv},
    author = {Wotzka, Paul},
    year = {1970},
    keywords = {Standortplanung, Einzelhandel, Einzelhandelsbetrieb}
}

@book{heinritz_analyse_1999,
    address = {Passau},
    series = {Geographische {Handelsforschung} {BV012544598} 2},
    title = {Die {Analyse} von {Standorten} und {Einzugsbereichen}: methodische {Grundfragen} der geographischen {Handelsforschung}},
    isbn = {978-3-932820-12-0},
    shorttitle = {Die {Analyse} von {Standorten} und {Einzugsbereichen}},
    abstract = {Günter Heinritz (Hrsg.), Erscheint auch als Heinritz, Günter Die Analyse von Standorten und Einzugsbereichen Würzburg: Universität Würzburg, 2018 Enthält nur Heinritz, Günter: Methodische Probleme von Einzugsbereichen und Monheim, Rolf: Methodische Gesichtspunkte der Zählung und Befragung Online-Ausgabe, PDF, 990019413030302884},
    language = {ger},
    publisher = {LIS-Verl},
    author = {Heinritz, Günter},
    year = {1999},
    keywords = {Standortplanung, Einzelhandel, Methode}
}

@book{richard_l_nelson_selection_1958,
    address = {New York},
    title = {The selection of retail locations},
    url = {http://ipac.ub.tu-berlin.de/cgi-bin/katalog-link?u0460389},
    abstract = {Richard L. Nelson, 990007858030302884},
    language = {eng},
    urldate = {2020-04-19},
    publisher = {Dodge},
    author = {{Richard L. Nelson}},
    year = {1958},
    keywords = {Standortplanung, Einzelhandel}
}

@book{ross_l_davies_retail_1984,
    address = {London u.a.},
    series = {Croom {Helm} series in geography and environment},
    title = {Retail and commercial planning},
    isbn = {978-0-85664-566-2},
    abstract = {990005906820302884},
    language = {eng},
    publisher = {Croom Helm},
    author = {{Ross L. Davies}},
    year = {1984},
    keywords = {Raumordnung, Standortplanung, Einzelhandel, Großbritannien, Kaufhaus, Standort}
}

@article{segerer_mietpreise_2015,
    title = {Mietpreise deutscher {Lebensmitteldiscounter}},
    volume = {1},
    issn = {1611-4051},
    url = {http://dx.doi.org/10.1365/s41056-015-0006-6},
    doi = {10.1365/s41056-015-0006-6},
    abstract = {Der vorliegende Beitrag liefert eine wissenschaftlich fundierte Analyse der Bestimmungsgründe des Mietpreises von LM-Discountern. Bislang sind Mietpreise für Handelsimmobilien hauptsächlich auf standortspezifische Merkmale mit Bezug zum Umsatz zurückgeführt worden. Diese absatzwirtschaftliche Perspektive bezieht insbesondere Angebots- und Nachfragevariablen, in selteneren Fällen auch Mietvertragsvariablen in ihre Erklärung mit ein, wobei bereits die Zuordnung der Verkaufsfläche als Angebotsmerkmal aus Immobilienperspektive strittig ist. Deshalb wird hier ein Zwei-Ebenen-Ansatz verfolgt, dessen Ziel es ist, zum einen den für die Praxis geeigneten Ansatz zur Bestimmung des Mietpreises zu finden. Zum anderen sollen aber auch die für einen Investor wichtigen Dimensionen der Immobilienwirtschaft beispielhaft an dieser für eine klar definierte Handelsbetriebsform erstellten Immobilie herausgearbeitet und in ihrem Erklärungsgehalt für den Mietpreis aufgezeigt werden. Konzeptionell gelingt dies auf der ersten Ebene mit einer konsequenten Einordnung der Variablen zu übergeordneten Kategorien (Angebot, Nachfrage, Immobilienobjekt, Mieter). Mit Hilfe einer schrittweisen Regression werden die wichtigsten Einflussgrößen herausgefiltert und dienen zur praktischen Bestimmung der Miete. Die zweite Ebene gelangt über den Einsatz der strukturaufdeckenden Methode der Faktorenanalyse zu einer Neuzuordnung der Variablen zu Dimensionen mit Immobilienorientierung (z. Bsp. Standortzukunft, Baualter, Vertragsdauer), deren Einfluss auf den Mietpreis über eine Regression mit Einschluss quantifiziert wird. Damit wird auch ein konzeptioneller Beitrag zum Verständnis der immobilienwirtschaftlichen Bedeutung der Miete für Discountimmobilien und indirekt für die Risikominimierung einer Investitionsentscheidung geleistet. The German Food discounter is the characteristic retail format in the food retail sector of the last 25 years. More than 16,000 sales outlets in the Federal Territory in 2013 in which approximately 45 \% of the turnover of food retailing are achieved illustrate this dominance in numbers. The dominant market position is accompanied by an inelastic consumer demand for the core range of foods as well as long-term leases with – for the most part – creditworthy tenants. These risk-reducing features make German food discounter particularly attractive to institutional investors. At the same time German Food Discounter outlets suffer – due to a simple architecture – a short economic life cycle. Thus the sales revenue at the end of the life cycle plays a subordinate role compared to the periodic incomes and thus for the assessment of an investment in German Food Discounter it is crucial that an adequate rental estimate method is available. The question of the rental determinants of German Food Discounters is central to the consideration of this paper. In particular, the thesis will investigate whether not only location but also object-specific features take a significant influence on the rental price. In this context, previous studies on the sales or rental prices form the theoretical framework for the empirical approach. For the analysis a total amount of 83 lease-contracts of German Food Discounters is available which spread all over Germany, the monthly rent in €/sqm acts as the target variable. Overall, 33 variables are used as predictors which can be distinguished to variables of the demand, supply, tenants and object side. Using a stepwise regression model the most important determinants of the rent are identified in the first step of the empirical approach. With the car frequency, the population-potential within walking distance of one kilometre and the inter formal competition from supermarkets, there are on the one hand typical characteristics of the micro location which significantly affect the rental price. On the other hand, a significant influence of the respective provider and the object characteristics as well as lease terms and the space layout can be observed. Due to a corrected R² -value of 0,543 the overall fit of the model can be classified as “good”. A factor analysis is estimated in the second step for visualizing the entire nexus of the predictors. The identified factors and the nominal variables are finally the input parameters for a regression according to the inclusion method. Within the factor analysis, we can identify five factors: the “location factor” represents the demand conditions of the macro-location, the “frequency factor” represents the compression of demand at the macro and micro site level, the “competition factor” the supply situation in the catchment area, the “building age factor” an indicator of the building condition and the “contract duration factor” the essential contents of the lease. The subsequent regression shows that in particular the two factors “frequency” and “contract duration” and under the nominal variables, a contemporary space layout of the property, the specific provider, and the inter formal competition at the site have a significant influence on the rental price of German Food Discounters. The quality of the estimate with an adjusted R² value of 0.569 can be classified as “good”. Contrary to expectations, no model validity limiting multicollinearity can be observed. Overall, the study shows that not only site-specific but also object-specific characteristics significantly affect the rental price. In both models a significant influence of the lease term duration on the rent can be observed. However, this significant influence is not to be construed as a “lease contract impact”, but as an indicator that describes the competitive strategic importance of a site for a German Food Discounter company. The results of this investigation forms the theoretical foundations for rental price analysis for German Food Discounters in particular and retail concepts in general. At the same time the approach of stepwise regression provides the ability to calculate an “objective” market value of German Food Discounters at a specific location. Thus the study carries out a fundamental contribution to higher market transparency in the German retail property market.},
    language = {ger},
    number = {2},
    urldate = {2020-04-19},
    journal = {Zeitschrift für Immobilienökonomie},
    author = {Segerer, Matthias and Klein, Kurt},
    year = {2015},
    keywords = {Retail property ; Grocery store ; Rental analysis ; Valuation ; regression ; Factor analysis},
    pages = {145--170},
    file = {Volltext:C\:\\Users\\m.thomas\\Zotero\\storage\\W52NDCP4\\Segerer und Klein - 2015 - Mietpreise deutscher Lebensmitteldiscounter.pdf:application/pdf}
}

@online{directionsmag,
    title = {Retail {Trade} {Area} {Analysis} {Using} the {Huff} {Model}},
    url = {https://www.directionsmag.com/article/3207},
    urldate = {2020-10-15},
    author = {stories, A. summary of top and You, The Latest Geospatial Trends Emailed Direct to}
}

@online{gisgeography_2016,
    title = {How the {Huff} {Gravity} {Model} {Predicts} {How} {Many} {Customers} {Will} {Visit} {Your} {Store}},
    url = {https://gisgeography.com/huff-gravity-model/},
    abstract = {Huff Gravity Model uses store size and distance along with census tract population to understand the probability that consumers will patron retail stores.},
    language = {en-US},
    urldate = {2020-10-15},
    journal = {GIS Geography},
    month = sep,
    year = {2016},
    file = {Snapshot:C\:\\Users\\m.thomas\\Zotero\\storage\\VQ8UTMYS\\huff-gravity-model.html:text/html}
}

@online{geomarketing_def,
    title = {Definition {Geomarketing} {\textbar} {Geomarketing}},
    url = {https://www.geomarketing.de/was-ist-geomarketing/},
    abstract = {Was ist Geomarketing? Defintion des Geomarketing und Begriffserläuterung inkl. Geomarketing-Instrumente und deren Einsatz.},
    language = {de-DE},
    urldate = {2021-02-11},
    file = {Snapshot:C\:\\Users\\m.thomas\\Zotero\\storage\\KR2KGBAG\\was-ist-geomarketing.html:text/html}
}

@online{geommarketing_standortanalyse,
    title = {Standortanalysen {\textbar} {Geomarketing}},
    url = {https://www.geomarketing.de/geomarketing-analysen-a-z/standortanalyse/},
    abstract = {Eine Standortanalyse beschreibt, untersucht und unterscheidet gute und schlechte Standorte hinsichtlich der Eignung für den Absatz bestimmter Produkte.},
    language = {de-DE},
    urldate = {2021-02-11},
    file = {Snapshot:C\:\\Users\\m.thomas\\Zotero\\storage\\LZWRDFRK\\standortanalyse.html:text/html}
}

@online{haas_standortfaktoren,
    type = {Text},
    title = {Definition: {Standortfaktoren}},
    shorttitle = {Definition},
    url = {https://wirtschaftslexikon.gabler.de/definition/standortfaktoren-45787/version-133523},
    abstract = {Was ist "Standortfaktoren"? Definition im Gabler Wirtschaftslexikon vollständig und kostenfrei online. ✓Geprüftes Wissen beim Original.},
    language = {de},
    urldate = {2021-02-11},
    journal = {https://wirtschaftslexikon.gabler.de/definition/standortfaktoren-45787},
    author = {Haas, Prof Dr Hans-Dieter},
    note = {Publisher: Springer Fachmedien Wiesbaden GmbH
Section: economy},
    file = {Snapshot:C\:\\Users\\m.thomas\\Zotero\\storage\\F7CNBE87\\version-133523.html:text/html}
}

@online{geomarketing_gis,
    title = {Geographische {Informationssysteme} ({GIS}) {\textbar} {Geomarketing}},
    url = {https://www.geomarketing.de/geomarketing-software/geografische-informationssysteme/},
    abstract = {Geocodierungssysteme validieren postalische Adressen, reichern sie um geographische Koordinaten an und ordnen ihnen eindeutige Geoschlüssel (Geocodes) zu.},
    language = {de-DE},
    urldate = {2021-02-12},
    file = {Snapshot:C\:\\Users\\m.thomas\\Zotero\\storage\\AMGMEW3Z\\geografische-informationssysteme.html:text/html}
}


@online{geomarketing_marktdaten,
    title = {Marktdaten {\textbar} {Geomarketing}},
    url = {https://www.geomarketing.de/marktdaten/},
    abstract = {Marktdaten oder Marktinformationen beschreiben individuelle regionale Charakteristik, geographischer Gebiete oder Standorte mittels qualitativer Merkmale.},
    language = {de-DE},
    urldate = {2021-02-12},
    file = {Snapshot:C\:\\Users\\m.thomas\\Zotero\\storage\\SC5XULX8\\marktdaten.html:text/html}
}


@online{geomarketing_geodaten,
    title = {Geodaten {\textbar} {Geomarketing}},
    url = {https://www.geomarketing.de/geodaten/},
    abstract = {Geodaten sind codierte Angaben zur Lokalisierung und Beschreibung von natürlichen oder definierten (Markt-) Räumen und (Stand-) Orten der realen Welt.},
    language = {de-DE},
    urldate = {2021-02-11},
    file = {Snapshot:C\:\\Users\\m.thomas\\Zotero\\storage\\QYDI5MF9\\geodaten.html:text/html}
}

@online{gistandards.eu,
    title = {{GIS}-{Standards}},
    url = {https://www.gistandards.eu/de/gis-standards/},
    abstract = {What are GIS Standards? Why do we need Geospatial Standards? Which common GIS Standards are existing for spatial data formats, metadata and services? Who are the standard oranizations? How do they work?},
    language = {de},
    urldate = {2021-02-11},
    journal = {Gistandards.eu},
    file = {Snapshot:C\:\\Users\\m.thomas\\Zotero\\storage\\HUIVXRZH\\gis-standards.html:text/html}
}

@online{19115_iso,
    title = {{ISO} 19115:2003},
    shorttitle = {{ISO} 19115},
    url = {https://www.iso.org/cms/render/live/en/sites/isoorg/contents/data/standard/02/60/26020.html},
    abstract = {Geographic information — Metadata},
    language = {en},
    urldate = {2021-02-11},
    journal = {ISO},
    file = {Snapshot:C\:\\Users\\m.thomas\\Zotero\\storage\\NPKWR8D8\\26020.html:text/html}
}

@book{herter_handbuch_2018,
    edition = {2},
    title = {Handbuch {Geomarketing}},
    year = {2018},
    isbn = {978-3-87907-654-3},
    url = {https://content-select.com/de/portal/media/view/5c7e7232-1828-4831-bb3c-7986b0dd2d03},
    language = {ger},
    publisher = {Wichmann Verlag},
    editor = {Herter, Michael and Mühlbauer, Karl-Heinz},
    keywords = {Standortplanung, Direktmarketing, Geodaten, Geographisches Informationssys, Geoinformationssystem, Geomarketing, Handbuch Geomarketing, Marketing, Marktdaten, Mikromarketing}
}

@online{angular_cli,
    title = {Angular {CLI}},
    url = {https://cli.angular.io/},
    urldate = {2021-02-12},
    file = {Angular CLI:C\:\\Users\\m.thomas\\Zotero\\storage\\ZU9CSDQI\\cli.angular.io.html:text/html}
}

@online{openlayers_map,
    title = {{OpenLayers} v6.5.0 {API} - {Class}: {Map}},
    url = {https://openlayers.org/en/latest/apidoc/module-ol_Map-Map.html},
    urldate = {2021-02-12},
    file = {OpenLayers v6.5.0 API - Class\: Map:C\:\\Users\\m.thomas\\Zotero\\storage\\H57K2VSU\\module-ol_Map-Map.html:text/html}
}

@incollection{jung_figur_1956,
    address = {Berlin, Heidelberg},
    title = {Figur der {Erde}},
    isbn = {978-3-642-45855-2},
    url = {https://doi.org/10.1007/978-3-642-45855-2_16},
    abstract = {Mit Erdkruste bezeichnet man die Gesamtheit der sehr vielgestaltig aufgebauten, aus festem Material gebildeten äußeren Schichten des Erdkörpers. Abweichend vom üblichen Gebrauch sollen bei den folgenden Betrachtungen auch die Wassermassen der Ozeane der Erdkruste und somit dem Erdkörper zugerechnet werden. Dann ist unter Erdoberfläche die Grenzfläche zu verstehen, die den Erdkörper von der ihn umgebenden Atmosphäre trennt.},
    booktitle = {Geophysik {I} / {Geophysics} {I}},
    publisher = {Springer Berlin Heidelberg},
    author = {Jung, Karl},
    editor = {Bartels, J.},
    year = {1956},
    doi = {10.1007/978-3-642-45855-2_16},
    pages = {534--639}
}

@online{epsg.io_3857,
    title = {{WGS} 84 / {Pseudo}-{Mercator} - {Spherical} {Mercator}, {Google} {Maps}, {OpenStreetMap}, {Bing}, {ArcGIS}, {ESRI} - {EPSG}:3857},
    shorttitle = {{WGS} 84 / {Pseudo}-{Mercator} - {Spherical} {Mercator}, {Google} {Maps}, {OpenStreetMap}, {Bing}, {ArcGIS}, {ESRI} - {EPSG}},
    url = {http://epsg.io},
    abstract = {EPSG:3857 Projected coordinate system for World between 85.06°S and 85.06°N. Uses spherical development of ellipsoidal coordinates. Relative to WGS 84 / World Mercator (CRS code 3395) errors of 0.7 percent in scale and differences in northing of up to 43km in the map (equivalent to 21km on the ground) may arise. Certain Web mapping and visualisation applications. It is not a recognised geodetic system: for that see ellipsoidal Mercator CRS code 3395 (WGS 84 / World Mercator).},
    language = {en},
    urldate = {2021-02-12},
    file = {Snapshot:C\:\\Users\\m.thomas\\Zotero\\storage\\4U44QFLS\\3857.html:text/html}
}

@online{epsg.io_4326,
    title = {{WGS} 84 - {WGS84} - {World} {Geodetic} {System} 1984, used in {GPS} - {EPSG}:4326},
    shorttitle = {{WGS} 84 - {WGS84} - {World} {Geodetic} {System} 1984, used in {GPS} - {EPSG}},
    url = {http://epsg.io},
    abstract = {EPSG:4326 Geodetic coordinate system for World.  Horizontal component of 3D system. Used by the GPS satellite navigation system and for NATO military geodetic surveying.},
    language = {en},
    urldate = {2021-02-12},
    file = {Snapshot:C\:\\Users\\m.thomas\\Zotero\\storage\\5R7JARRE\\4326.html:text/html}
}

@online{epsg.io_transform,
    title = {Transform coordinates - {GPS} online convertor},
    url = {http://epsg.io},
    abstract = {Transform your coordinates online easily with epsg.io},
    language = {en},
    urldate = {2021-02-12},
    file = {Snapshot:C\:\\Users\\m.thomas\\Zotero\\storage\\JE4NDRNU\\transform.html:text/html}
}
